<record><leader>00000cas a22000007a 4500</leader><controlfield tag="001">15477142</controlfield><controlfield tag="008">870402d19371937nyuwr ne      0    0eng d</controlfield><datafield ind1=" " ind2=" " tag="010"><subfield code="a">sn 87028300 </subfield></datafield><datafield ind1=" " ind2=" " tag="040"><subfield code="a">NYS</subfield><subfield code="b">eng</subfield><subfield code="c">NYS</subfield><subfield code="d">NYG</subfield><subfield code="d">NYS</subfield><subfield code="d">OCLCQ</subfield></datafield><datafield ind1=" " ind2=" " tag="042"><subfield code="a">msc</subfield></datafield><datafield ind1="0" ind2="4" tag="245"><subfield code="a">The Mid-Hudson post combined with the Highland post.</subfield></datafield><datafield ind1=" " ind2=" " tag="260"><subfield code="a">Highland, Ulster County, N.Y. :</subfield><subfield code="b">Will Plank,</subfield><subfield code="c">1937.</subfield></datafield><datafield ind1=" " ind2=" " tag="300"><subfield code="a">v.</subfield></datafield><datafield ind1=" " ind2=" " tag="310"><subfield code="a">Weekly</subfield></datafield><datafield ind1="1" ind2=" " tag="362"><subfield code="a">Began in 1937.</subfield></datafield><datafield ind1="0" ind2=" " tag="362"><subfield code="a">-51st year, no. 20 (Apr. 23, 1937).</subfield></datafield><datafield ind1=" " ind2=" " tag="588"><subfield code="a">Description based on: 51st year, no. 17 (Apr. 2, 1937).</subfield></datafield><datafield ind1=" " ind2="4" tag="651"><subfield code="a">Highland (N.Y.)</subfield><subfield code="v">Newspapers.</subfield></datafield><datafield ind1=" " ind2=" " tag="752"><subfield code="a">United States</subfield><subfield code="b">New York</subfield><subfield code="c">Ulster</subfield><subfield code="d">Highland.</subfield></datafield><datafield ind1="0" ind2="4" tag="780"><subfield code="t">Mid-Hudson post</subfield></datafield><datafield ind1="0" ind2="4" tag="780"><subfield code="t">Highland post</subfield><subfield code="w">(DLC)sn 87028299</subfield></datafield><datafield ind1="0" ind2="0" tag="785"><subfield code="t">Highland Mid-Hudson post</subfield><subfield code="w">(DLC)sn 87028301</subfield></datafield><datafield ind1="1" ind2=" " tag="029"><subfield code="a">AU@</subfield><subfield code="b">000025823352</subfield></datafield></record>